<?xml version="1.0" encoding="UTF-8"?><record xmlns="http://www.loc.gov/MARC21/slim" xmlns:cinclude="http://apache.org/cocoon/include/1.0" xmlns:zs="http://www.loc.gov/zing/srw/">
  <leader>00670cz  a2200145n  4500</leader>
  <controlfield tag="001">n 2003015521</controlfield>
  <controlfield tag="003">DLC</controlfield>
  <controlfield tag="005">20031231115901.0</controlfield>
  <controlfield tag="008">030912n| acannaabn          |a ana      </controlfield>
  <datafield tag="010" ind1=" " ind2=" ">
    <subfield code="a">n 2003015521</subfield>
  </datafield>
  <datafield tag="040" ind1=" " ind2=" ">
    <subfield code="a">DLC</subfield>
    <subfield code="b">eng</subfield>
    <subfield code="c">DLC</subfield>
  </datafield>
  <datafield tag="110" ind1="2" ind2="0">
    <subfield code="a">Akademii︠a︡ nauk Respubliki Bashkortostan.</subfield>
    <subfield code="b">Otdelenie biologii</subfield>
  </datafield>
  <datafield tag="510" ind1="2" ind2=" ">
    <subfield code="w">a</subfield>
    <subfield code="a">Akademii︠a︡ nauk Respubliki Bashkortostan.</subfield>
    <subfield code="b">Otdelenie biologicheskikh nauk</subfield>
  </datafield>
  <datafield tag="670" ind1=" " ind2=" ">
    <subfield code="a">Vlazhnye luga Respubliki Bashkortostan, 2002:</subfield>
    <subfield code="b">t.p. (Akademii︠a︡ nauk Respubliki Bashkortostan, Otdelenie biologii)</subfield>
  </datafield>
  <datafield tag="675" ind1=" " ind2=" ">
    <subfield code="a">Ėkologii︠a︡ vodoemov Bashkirii, 1998: t.p. (Akademii︠a︡ nauk Respubliki Bashkortostan, Otdelenie biologicheskikh nauk)</subfield>
  </datafield>
</record>